%YAML 1.1
%TAG !u! tag:unity3d.com,2011:
--- !u!1 &173544
GameObject:
  m_ObjectHideFlags: 0
  m_PrefabParentObject: {fileID: 0}
  m_PrefabInternal: {fileID: 100100000}
  serializedVersion: 4
  m_Component:
  - 4: {fileID: 405388}
  - 33: {fileID: 3366356}
  - 135: {fileID: 13579624}
  - 23: {fileID: 2399548}
  - 54: {fileID: 5448370}
  - 114: {fileID: 11430720}
  - 82: {fileID: 8245004}
  - 114: {fileID: 11458480}
  - 114: {fileID: 11493758}
  m_Layer: 0
  m_Name: BulletPrefab
  m_TagString: Untagged
  m_Icon: {fileID: 0}
  m_NavMeshLayer: 0
  m_StaticEditorFlags: 0
  m_IsActive: 1
--- !u!4 &405388
Transform:
  m_ObjectHideFlags: 1
  m_PrefabParentObject: {fileID: 0}
  m_PrefabInternal: {fileID: 100100000}
  m_GameObject: {fileID: 173544}
  m_LocalRotation: {x: 0, y: 0, z: 0, w: 1}
  m_LocalPosition: {x: 4.76837158e-07, y: -248.029999, z: 1.67006671}
  m_LocalScale: {x: 20, y: 20, z: 20}
  m_Children: []
  m_Father: {fileID: 0}
  m_RootOrder: 0
--- !u!23 &2399548
MeshRenderer:
  m_ObjectHideFlags: 1
  m_PrefabParentObject: {fileID: 0}
  m_PrefabInternal: {fileID: 100100000}
  m_GameObject: {fileID: 173544}
  m_Enabled: 1
  m_CastShadows: 1
  m_ReceiveShadows: 1
  m_Materials:
  - {fileID: 2100000, guid: 6a15b1f15432b6f4b9a8066e1e6ca4df, type: 2}
  m_SubsetIndices: 
  m_StaticBatchRoot: {fileID: 0}
  m_UseLightProbes: 1
  m_ReflectionProbeUsage: 1
  m_ProbeAnchor: {fileID: 0}
  m_ScaleInLightmap: 1
  m_PreserveUVs: 1
  m_ImportantGI: 0
  m_AutoUVMaxDistance: .5
  m_AutoUVMaxAngle: 89
  m_LightmapParameters: {fileID: 0}
  m_SortingLayerID: 0
  m_SortingOrder: 0
--- !u!33 &3366356
MeshFilter:
  m_ObjectHideFlags: 1
  m_PrefabParentObject: {fileID: 0}
  m_PrefabInternal: {fileID: 100100000}
  m_GameObject: {fileID: 173544}
  m_Mesh: {fileID: 10207, guid: 0000000000000000e000000000000000, type: 0}
--- !u!54 &5448370
Rigidbody:
  m_ObjectHideFlags: 1
  m_PrefabParentObject: {fileID: 0}
  m_PrefabInternal: {fileID: 100100000}
  m_GameObject: {fileID: 173544}
  serializedVersion: 2
  m_Mass: 1
  m_Drag: 0
  m_AngularDrag: .0500000007
  m_UseGravity: 0
  m_IsKinematic: 0
  m_Interpolate: 0
  m_Constraints: 0
  m_CollisionDetection: 1
--- !u!82 &8245004
AudioSource:
  m_ObjectHideFlags: 1
  m_PrefabParentObject: {fileID: 0}
  m_PrefabInternal: {fileID: 100100000}
  m_GameObject: {fileID: 173544}
  m_Enabled: 1
  serializedVersion: 4
  OutputAudioMixerGroup: {fileID: 0}
  m_audioClip: {fileID: 8300000, guid: 95e838e0a30c748cb9d08f70fd02e578, type: 3}
  m_PlayOnAwake: 0
  m_Volume: .529999971
  m_Pitch: 1
  Loop: 0
  Mute: 0
  Spatialize: 0
  Priority: 128
  DopplerLevel: 1
  MinDistance: 1
  MaxDistance: 500
  Pan2D: 0
  rolloffMode: 0
  BypassEffects: 0
  BypassListenerEffects: 0
  BypassReverbZones: 0
  rolloffCustomCurve:
    serializedVersion: 2
    m_Curve:
    - time: 0
      value: 1
      inSlope: 0
      outSlope: 0
      tangentMode: 0
    - time: 1
      value: 0
      inSlope: 0
      outSlope: 0
      tangentMode: 0
    m_PreInfinity: 2
    m_PostInfinity: 2
  panLevelCustomCurve:
    serializedVersion: 2
    m_Curve:
    - time: 0
      value: 0
      inSlope: 0
      outSlope: 0
      tangentMode: 0
    m_PreInfinity: 2
    m_PostInfinity: 2
  spreadCustomCurve:
    serializedVersion: 2
    m_Curve:
    - time: 0
      value: 0
      inSlope: 0
      outSlope: 0
      tangentMode: 0
    m_PreInfinity: 2
    m_PostInfinity: 2
  reverbZoneMixCustomCurve:
    serializedVersion: 2
    m_Curve:
    - time: 0
      value: 1
      inSlope: 0
      outSlope: 0
      tangentMode: 0
    m_PreInfinity: 2
    m_PostInfinity: 2
--- !u!114 &11430720
MonoBehaviour:
  m_ObjectHideFlags: 1
  m_PrefabParentObject: {fileID: 0}
  m_PrefabInternal: {fileID: 100100000}
  m_GameObject: {fileID: 173544}
  m_Enabled: 1
  m_EditorHideFlags: 0
  m_Script: {fileID: 11500000, guid: 92427e9b45b384493a72b26ccb024153, type: 3}
  m_Name: 
  m_EditorClassIdentifier: 
  impact: {fileID: 8300000, guid: 95e838e0a30c748cb9d08f70fd02e578, type: 3}
  bulletId: -1
--- !u!114 &11458480
MonoBehaviour:
  m_ObjectHideFlags: 1
  m_PrefabParentObject: {fileID: 0}
  m_PrefabInternal: {fileID: 100100000}
  m_GameObject: {fileID: 173544}
  m_Enabled: 1
  m_EditorHideFlags: 0
  m_Script: {fileID: 372142912, guid: 870353891bb340e2b2a9c8707e7419ba, type: 3}
  m_Name: 
  m_EditorClassIdentifier: 
  m_SceneId:
    m_Value: 0
  m_AssetId:
    i0: 36
    i1: 220
    i2: 73
    i3: 92
    i4: 147
    i5: 124
    i6: 100
    i7: 11
    i8: 90
    i9: 251
    i10: 185
    i11: 100
    i12: 133
    i13: 59
    i14: 166
    i15: 144
  m_ServerOnly: 0
  m_LocalPlayerAuthority: 0
--- !u!114 &11493758
MonoBehaviour:
  m_ObjectHideFlags: 1
  m_PrefabParentObject: {fileID: 0}
  m_PrefabInternal: {fileID: 100100000}
  m_GameObject: {fileID: 173544}
  m_Enabled: 1
  m_EditorHideFlags: 0
  m_Script: {fileID: -1768714887, guid: 870353891bb340e2b2a9c8707e7419ba, type: 3}
  m_Name: 
  m_EditorClassIdentifier: 
  m_TransformSyncMode: 3
  m_SendInterval: .0333333351
  m_SyncRotationAxis: 7
  m_RotationSyncCompression: 0
  m_SyncSpin: 0
  m_MovementTheshold: .00100000005
  m_SnapThreshold: 5
  m_InterpolateRotation: 1
  m_InterpolateMovement: .0500000007
--- !u!135 &13579624
SphereCollider:
  m_ObjectHideFlags: 1
  m_PrefabParentObject: {fileID: 0}
  m_PrefabInternal: {fileID: 100100000}
  m_GameObject: {fileID: 173544}
  m_Material: {fileID: 0}
  m_IsTrigger: 0
  m_Enabled: 1
  serializedVersion: 2
  m_Radius: .5
  m_Center: {x: 0, y: 0, z: 0}
--- !u!1001 &100100000
Prefab:
  m_ObjectHideFlags: 1
  serializedVersion: 2
  m_Modification:
    m_TransformParent: {fileID: 0}
    m_Modifications:
    - target: {fileID: 0}
      propertyPath: m_AssetId.i0
      value: 36
      objectReference: {fileID: 0}
    - target: {fileID: 0}
      propertyPath: m_AssetId.i1
      value: 220
      objectReference: {fileID: 0}
    - target: {fileID: 0}
      propertyPath: m_AssetId.i2
      value: 73
      objectReference: {fileID: 0}
    - target: {fileID: 0}
      propertyPath: m_AssetId.i3
      value: 92
      objectReference: {fileID: 0}
    - target: {fileID: 0}
      propertyPath: m_AssetId.i4
      value: 147
      objectReference: {fileID: 0}
    - target: {fileID: 0}
      propertyPath: m_AssetId.i5
      value: 124
      objectReference: {fileID: 0}
    - target: {fileID: 0}
      propertyPath: m_AssetId.i6
      value: 100
      objectReference: {fileID: 0}
    - target: {fileID: 0}
      propertyPath: m_AssetId.i7
      value: 11
      objectReference: {fileID: 0}
    - target: {fileID: 0}
      propertyPath: m_AssetId.i8
      value: 90
      objectReference: {fileID: 0}
    - target: {fileID: 0}
      propertyPath: m_AssetId.i9
      value: 251
      objectReference: {fileID: 0}
    - target: {fileID: 0}
      propertyPath: m_AssetId.i10
      value: 185
      objectReference: {fileID: 0}
    - target: {fileID: 0}
      propertyPath: m_AssetId.i11
      value: 100
      objectReference: {fileID: 0}
    - target: {fileID: 0}
      propertyPath: m_AssetId.i12
      value: 133
      objectReference: {fileID: 0}
    - target: {fileID: 0}
      propertyPath: m_AssetId.i13
      value: 59
      objectReference: {fileID: 0}
    - target: {fileID: 0}
      propertyPath: m_AssetId.i14
      value: 166
      objectReference: {fileID: 0}
    - target: {fileID: 0}
      propertyPath: m_AssetId.i15
      value: 144
      objectReference: {fileID: 0}
    - target: {fileID: 0}
      propertyPath: m_LocalPlayerAuthority
      value: 0
      objectReference: {fileID: 0}
    - target: {fileID: 0}
      propertyPath: m_SendInterval
      value: .0333333351
      objectReference: {fileID: 0}
    - target: {fileID: 0}
      propertyPath: m_ServerOnly
      value: 0
      objectReference: {fileID: 0}
    - target: {fileID: 0}
      propertyPath: m_InterpolateMovement
      value: .0500000007
      objectReference: {fileID: 0}
    - target: {fileID: 0}
      propertyPath: m_PlayOnAwake
      value: 0
      objectReference: {fileID: 0}
    - target: {fileID: 0}
      propertyPath: m_Volume
      value: .529999971
      objectReference: {fileID: 0}
    - target: {fileID: 0}
      propertyPath: m_LocalScale.x
      value: 20
      objectReference: {fileID: 0}
    - target: {fileID: 0}
      propertyPath: m_LocalScale.y
      value: 20
      objectReference: {fileID: 0}
    - target: {fileID: 0}
      propertyPath: m_LocalScale.z
      value: 20
      objectReference: {fileID: 0}
    m_RemovedComponents: []
  m_ParentPrefab: {fileID: 0}
  m_RootGameObject: {fileID: 173544}
  m_IsPrefabParent: 1
